@ARTICLE{Mell:IJWF2007,
  author       = {W. Mell and M.A. Jenkins and J. Gould and P. Cheney},
  title        = {{A physics-based approach to modelling grassland fires}},
  journal      = {International Journal of Wildland Fire},
  volume       = 16,
  number       = 1,
  pages        = {1-22},
  year         = 2007}

@BOOK{Kalnay:2003,
  author       = {E. Kalnay},
  title        = {Atmospheric Modeling, Data Assimilation, and Predictability},
  publisher    = {Cambridge},
  year         = {2003},
}
